@misc{creator,
  author = {Bob Abbott},
  title = {Epaminondas},
  year = {Revised: December 11, 2010},
  howpublished = {http://www.logicmazes.com/games/epam.html},
  note = {The website of the game creator}
}
@misc{rules,
  author = {Kerry Handscomb},
  title = {Abstract Games Issue 3 Autumn 2000},
  year = {3 Autumn 2000},
  howpublished = {http://www.logicmazes.com/games/epam/index.html},
  note = {Epaminondasm... a game of classical elegance}
}

% ver formatacoes em http://en.wikibooks.org/wiki/LaTeX/Bibliography_Management ou http://en.wikipedia.org/wiki/BibTeX ou noutro site
